<?xml version="1.0" encoding="UTF-8"?><collection xmlns="http://www.loc.gov/MARC21/slim"><record><leader>00358nam--2200133-i-4500</leader><controlfield tag="001">000012998</controlfield><controlfield tag="002">20161230</controlfield><controlfield tag="005">20161230201030</controlfield><controlfield tag="008">060222s1000------------r-----000-0-eng-d</controlfield><datafield ind1=" " ind2=" " tag="080"><subfield code="a">661.183.1</subfield></datafield><datafield ind1=" " ind2=" " tag="100"><subfield code="a">Barrer, R.M</subfield></datafield><datafield ind1=" " ind2=" " tag="245"><subfield code="a">Zeolites and clay minerales as sorbents and molecular sieves</subfield></datafield><datafield ind1=" " ind2=" " tag="260"><subfield code="a">London, Academic Press, 1978 Vi + 497 P</subfield></datafield><datafield ind1=" " ind2=" " tag="852"><subfield code="a">46950</subfield></datafield></record></collection>